@BOOK {cormen,
    author    = "Thomas H. Cormen et al.",
    title     = "Algoritmos: teoria e prática",
    publisher = "Rio de janeiro: Elsevier",
    year      = "2012"
}

@CONFERENCE {lab,
    author    = "Fernando Pereira dos Santos",
    title     = "Material da disciplina {L}aboratório de {I}ntrodução à {C}iência da {C}omputação {II} ({SCC0220})",
    publisher = "ICMC-USP, 2º semestre de 2021"
}

@CONFERENCE {fernando,
    author    = "Fernando Pereira dos Santos",
    title     = "Material da disciplina {I}ntrodução à {C}iência da {C}omputação {II} ({SCC0201})",
    publisher = "ICMC-USP, 2º semestre de 2021"
}

@CONFERENCE {moacir,
    author    = "Moacir Antonelli Ponti",
    title     = "Material da disciplina {I}ntrodução à {C}iência da {C}omputação {II} ({SCC0201})",
    publisher = "ICMC-USP, 2º semestre de 2021"
}

@ONLINE {wiki,
    title = "Sorting algorithm",
    url   = "https://en.wikipedia.org/wiki/Sorting_algorithm",
    note  = "Disponível em: <https://en.wikipedia.org/wiki/Sorting\_algorithm>. Acesso em: 29 de outubro de 2021."
}

@ARTICLE {relatorio1,
    author = "Ana Lívia Ruegger Saldanha",
    title  = "Análise de algoritmos de ordenação: {B}ubble {S}ort, {I}nsertion {S}ort e {M}erge {S}ort",
    month  = "Novembro de",
    year   = "2021"
}